<record xmlns="http://www.loc.gov/MARC21/slim" xmlns:xsi="http://www.w3.org/2001/XMLSchema-instance" xsi:schemaLocation="http://www.loc.gov/MARC21/slim http://www.loc.gov/standards/marcxml/schema/MARC21slim.xsd"><leader>01203cz   2200289n  4500</leader><controlfield tag="001">oca00296623 </controlfield><controlfield tag="005">20041021183453.0</controlfield><controlfield tag="008">790801n| acannaabn          |a aaa      </controlfield><datafield ind1=" " ind2=" " tag="010"><subfield code="a">n  79063679 </subfield></datafield><datafield ind1=" " ind2=" " tag="040"><subfield code="a">DLC</subfield><subfield code="b">eng</subfield><subfield code="c">DLC</subfield><subfield code="d">DLC</subfield><subfield code="d">MdU</subfield><subfield code="d">DLC</subfield><subfield code="d">DLC-R</subfield><subfield code="d">DLC</subfield><subfield code="d">OCoLC</subfield></datafield><datafield ind1=" " ind2="0" tag="053"><subfield code="a">PA3973</subfield><subfield code="b">PA3992</subfield></datafield><datafield ind1="0" ind2=" " tag="100"><subfield code="a">Euripides</subfield></datafield><datafield ind1="0" ind2=" " tag="400"><subfield code="a">EÌ&#x87;vripid</subfield></datafield><datafield ind1="0" ind2=" " tag="400"><subfield code="a">YuÌ&#x84;riÌ&#x84;biÌ&#x84;diÌ&#x84;s</subfield></datafield><datafield ind1="0" ind2=" " tag="400"><subfield code="a">Euripide</subfield></datafield><datafield ind1="0" ind2=" " tag="400"><subfield code="a">Euripedes</subfield></datafield><datafield ind1="0" ind2=" " tag="400"><subfield code="a">EuÌ&#x86;ripido</subfield></datafield><datafield ind1="0" ind2=" " tag="400"><subfield code="a">Eurypides</subfield></datafield><datafield ind1="0" ind2=" " tag="400"><subfield code="a">Euripidesu</subfield></datafield><datafield ind1=" " ind2=" " tag="670"><subfield code="a">His Alceste, trageÌ&#x81;die grecque, 1942.</subfield></datafield><datafield ind1=" " ind2=" " tag="670"><subfield code="a">His IphigeÌ&#x81;nie aÌ&#x80; Aulis, 1983:</subfield><subfield code="b">t.p. (Euripide)</subfield></datafield><datafield ind1=" " ind2=" " tag="670"><subfield code="a">His BakhÌ&#x82;antinoj, 1975:</subfield><subfield code="b">t.p. (EuÌ&#x86;ripido)</subfield></datafield><datafield ind1=" " ind2=" " tag="670"><subfield code="a">His Tragedie, 1980:</subfield><subfield code="b">t.p. (Eurypides)</subfield></datafield><datafield ind1=" " ind2=" " tag="670"><subfield code="a">His Medea, 1993:</subfield><subfield code="b">CIP t.p. (Euripides) data sheet (b. 480? B.C.; d. 406? B.C.)</subfield></datafield><datafield ind1=" " ind2=" " tag="670"><subfield code="a">His The Cyclops, 1996:</subfield><subfield code="b">CIP t.p. (Euripedes) galley (Euripides, 484 BC-406 BC, b. at Salamis, third major tragic writer of the ancient Greek theatre, alongside Aeschylus and Sophocles)</subfield></datafield><datafield ind1=" " ind2=" " tag="670"><subfield code="a">His Alcestis and other plays, 1996:</subfield><subfield code="b">t.p. (Euripides) p. i (youngest of the three great Athenian playwrights, b. around 485 BC; d. early in 406 BC)</subfield></datafield><datafield ind1=" " ind2=" " tag="670"><subfield code="a">Euripidesu, 1948-</subfield></datafield></record>